@Book{boyd:book:2009:cvx,
	author = {Boyd, S. and Vandenberghe, L.},
	title = {Convex Optimization},
	publisher = {{C}ambridge {U}niversity {P}ress},
	year = {2009},
	address = {New York, USA},
	edition = {7th}
}

@article{klauco:cep:2017,
	author	 = 	{Klau\v{c}o, M. and Kal\'uz, M. and Kvasnica, M.},
	title	 = 	{Real-time implementation of an explicit MPC-based reference 
	governor for control of a magnetic levitation system},
	journal	 = 	{Control Engineering Practice},
	year	 = 	{2017},
	pages	 = 	{99-105},
	doi	 = 	{10.1016/j.conengprac.2017.01.001},
	url	 = 	
	{http://www.kirp.chtf.stuba.sk/assets/publication_info.php?id_pub=1789}
}
@article{klauco:cep:2017,
	author	 = 	{Klau\v{c}o, M. and Kal\'uz, M. and Kvasnica, M.},
	title	 = 	{Real-time implementation of an explicit MPC-based reference 
	governor for control of a magnetic levitation system},
	journal	 = 	{Control Engineering Practice},
	year	 = 	{2017},
	pages	 = 	{99-105},
	doi	 = 	{10.1016/j.conengprac.2017.01.001},
	url	 = 	
	{http://www.kirp.chtf.stuba.sk/assets/publication_info.php?id_pub=1789}
}
@article{SQP:Theory,
	author	 = 	{ Boggs, P. and Tolle, J.},
	title	 = 	{Sequential Quadratic Programming},
	journal	 = 	{Acta Numerica},
	year	 = 	{1996},
	pages	 = 	{1-000},
	url	 = 	
	{https://web.cse.ohio-state.edu/~parent.1/classes/788/Au10/OptimizationPapers/SQP/actaSqp.pdf}
}

@article{furuta:pendulum,
	author	 = 	{Seman,P. and Rohal-Ilkiv,B. and Juh\'as,M. and  Salaj,M.},
	title	 = 	{SWINGING UP THE FURUTA PENDULUM AND ITS
STABILIZATION VIA MODEL PREDICTIVE CONTROL},
	journal	 = 	{Journal of ELECTRICAL ENGINEERING},
	year	 = 	{2013},
	pages	 = 	{152-158},
	url	 = 	
	{http://iris.elf.stuba.sk/JEEEC/data/pdf/3_113-03.pdf}

@article{furuta:model,
	author	 = 	{Prime,Z. and Cazzolato,B.S.},
	title	 = 	{On the Dynamics of the Furuta Pendulum},
	journal	 = 	{Journal of Control Science and Engineering},
	year	 = 	{2011},
	pages	 = 	{},
	url	 = 	
	{http://downloads.hindawi.com/journals/jcse/2011/528341.pdf}
}










