@Book{boyd:book:2009:cvx,
	author = {Boyd, S. and Vandenberghe, L.},
	title = {Convex Optimization},
	publisher = {{C}ambridge {U}niversity {P}ress},
	year = {2009},
	address = {New York, USA},
	edition = {7th}
}

@article{klauco:cep:2017,
	author	 = 	{Klau\v{c}o, M. and Kal\'uz, M. and Kvasnica, M.},
	title	 = 	{Real-time implementation of an explicit MPC-based reference 
	governor for control of a magnetic levitation system},
	journal	 = 	{Control Engineering Practice},
	year	 = 	{2017},
	pages	 = 	{99-105},
	doi	 = 	{10.1016/j.conengprac.2017.01.001},
	url	 = 	
	{http://www.kirp.chtf.stuba.sk/assets/publication_info.php?id_pub=1789}
}
@article{klauco:cep:2017,
	author	 = 	{Klau\v{c}o, M. and Kal\'uz, M. and Kvasnica, M.},
	title	 = 	{Real-time implementation of an explicit MPC-based reference 
	governor for control of a magnetic levitation system},
	journal	 = 	{Control Engineering Practice},
	year	 = 	{2017},
	pages	 = 	{99-105},
	doi	 = 	{10.1016/j.conengprac.2017.01.001},
	url	 = 	
	{http://www.kirp.chtf.stuba.sk/assets/publication_info.php?id_pub=1789}
}